@incollection{Tewari2017,
  doi = {10.1007/978-3-319-51394-2_25},
  url = {https://doi.org/10.1007/978-3-319-51394-2_25},
  year  = {2017},
  publisher = {Springer International Publishing},
  pages = {495--517},
  author = {Ambuj Tewari and Susan A. Murphy},
  title = {From Ads to Interventions: Contextual Bandits in Mobile Health},
  booktitle = {Mobile Health}
}

@incollection{Smith2017,
  doi = {10.1007/978-3-319-51394-2_4},
  url = {https://doi.org/10.1007/978-3-319-51394-2_4},
  year  = {2017},
  publisher = {Springer International Publishing},
  pages = {59--82},
  author = {Shawna N. Smith and Andy Jinseok Lee and Kelly Hall and Nicholas J. Seewald and Audrey Boruvka and Susan A. Murphy and Predrag Klasnja},
  title = {Design Lessons from a Micro-Randomized Pilot Study in Mobile Health},
  booktitle = {Mobile Health}
}


@article{Agrawal2012,
year = "2012",
title = "Thompson Sampling for Contextual Bandits with Linear Payoffs",
author = "Agrawal, Shipra and Goyal, Navin",
keywords = "Computer Science - Learning ; Computer Science - Data Structures And Algorithms ; Statistics - Machine Learning ; 68w40, 68q25 ; F.2.0",
month = "September",
}



@article{Klasnja2015,
  doi = {10.1037/hea0000305},
  url = {https://doi.org/10.1037/hea0000305},
  year  = {2015},
  publisher = {American Psychological Association ({APA})},
  volume = {34},
  number = {Suppl},
  pages = {1220--1228},
  author = {Predrag Klasnja and Eric B. Hekler and Saul Shiffman and Audrey Boruvka and Daniel Almirall and Ambuj Tewari and Susan A. Murphy},
  title = {Microrandomized trials: An experimental design for developing just-in-time adaptive interventions.},
  journal = {Health Psychology}
}

@article{Ramkumar2017,
  doi = {10.1016/j.arth.2016.11.019},
  url = {https://doi.org/10.1016/j.arth.2016.11.019},
  year  = {2017},
  month = {apr},
  publisher = {Elsevier {BV}},
  volume = {32},
  number = {4},
  pages = {1058--1062},
  author = {Prem N. Ramkumar and George F. Muschler and Kurt P. Spindler and Joshua D. Harris and Patrick C. McCulloch and Michael A. Mont},
  title = {Open {mHealth} Architecture: A Primer for Tomorrow{\textquotesingle}s Orthopedic Surgeon and Introduction to Its Use in Lower Extremity Arthroplasty},
  journal = {The Journal of Arthroplasty}
}

@misc{Liao2015,
Author = {Peng Liao and Predrag Klasnja and Ambuj Tewari and Susan A. Murphy},
Title = {Micro-Randomized Trials in mHealth},
Year = {2015},
Eprint = {arXiv:1504.00238},
}

@article{Bubeck2012,
  doi = {10.1561/2200000024},
  url = {https://doi.org/10.1561/2200000024},
  year  = {2012},
  publisher = {Now Publishers},
  volume = {5},
  number = {1},
  pages = {1--122},
  author = {S{\'{e}}bastien Bubeck},
  title = {Regret Analysis of Stochastic and Nonstochastic Multi-armed Bandit Problems},
  journal = {Foundations and Trends{\textregistered} in Machine Learning}
}

@incollection{Greenewald2017,
title = {Action Centered Contextual Bandits},
author = {Greenewald, Kristjan and Tewari, Ambuj and Murphy, Susan and Klasnja, Predag},
booktitle = {Advances in Neural Information Processing Systems 30},
editor = {I. Guyon and U. V. Luxburg and S. Bengio and H. Wallach and R. Fergus and S. Vishwanathan and R. Garnett},
pages = {5977--5985},
year = {2017},
publisher = {Curran Associates, Inc.},
url = {http://papers.nips.cc/paper/7179-action-centered-contextual-bandits.pdf}
}


@article{Dudik2011,
  author    = {Miroslav Dud{\'{\i}}k and
               Daniel J. Hsu and
               Satyen Kale and
               Nikos Karampatziakis and
               John Langford and
               Lev Reyzin and
               Tong Zhang},
  title     = {Efficient Optimal Learning for Contextual Bandits},
  journal   = {CoRR},
  volume    = {abs/1106.2369},
  year      = {2011},
  url       = {http://arxiv.org/abs/1106.2369},
  archivePrefix = {arXiv},
  eprint    = {1106.2369},
  timestamp = {Sat, 06 Jan 2018 16:54:34 +0100},
  biburl    = {https://dblp.org/rec/bib/journals/corr/abs-1106-2369},
  bibsource = {dblp computer science bibliography, https://dblp.org}
}

@book{Sutton1998,
  Author = {Richard S. Sutton and Andrew G. Barto},
  Title = {Reinforcement Learning: An Introduction (Adaptive Computation and Machine Learning)},
  Publisher = {A Bradford Book},
  Year = {1998},
  ISBN = {0262193981},
  URL = {https://www.amazon.com/Reinforcement-Learning-Introduction-Adaptive-Computation/dp/0262193981?SubscriptionId=0JYN1NVW651KCA56C102&tag=techkie-20&linkCode=xm2&camp=2025}
}

@book{WorldHealth2012,
  Author = {World Health Organization},
  Title = {Global Atlas on Cardiovascular Disease Prevention and Control},
  Publisher = {World Health Organization},
  Year = {2012},
  ISBN = {9241564377},
  URL = {https://www.amazon.com/Global-Cardiovascular-Disease-Prevention-Control/dp/9241564377?SubscriptionId=0JYN1NVW651KCA56C102&tag=techkie-20&linkCode=xm2&camp=2025&creative=165953&creativeASIN=9241564377}
}

@article{McGill2008,
  doi = {10.1161/circulationaha.107.717033},
  url = {https://doi.org/10.1161/circulationaha.107.717033},
  year  = {2008},
  month = {mar},
  publisher = {Ovid Technologies (Wolters Kluwer Health)},
  volume = {117},
  number = {9},
  pages = {1216--1227},
  author = {H. C. McGill and C. A. McMahan and S. S. Gidding},
  title = {Preventing Heart Disease in the 21st Century: Implications of the Pathobiological Determinants of Atherosclerosis in Youth ({PDAY}) Study},
  journal = {Circulation}
}

@inproceedings{Li2011,
  doi = {10.1145/1935826.1935878},
  url = {https://doi.org/10.1145/1935826.1935878},
  year  = {2011},
  publisher = {{ACM} Press},
  author = {Lihong Li and Wei Chu and John Langford and Xuanhui Wang},
  title = {Unbiased offline evaluation of contextual-bandit-based news article recommendation algorithms},
  booktitle = {Proceedings of the fourth {ACM} international conference on Web search and data mining - {WSDM} {\textquotesingle}11}
}

@article{Chapelle2014,
  doi = {10.1145/2532128},
  url = {https://doi.org/10.1145/2532128},
  year  = {2014},
  month = {dec},
  publisher = {Association for Computing Machinery ({ACM})},
  volume = {5},
  number = {4},
  pages = {1--34},
  author = {Olivier Chapelle and Eren Manavoglu and Romer Rosales},
  title = {Simple and Scalable Response Prediction for Display Advertising},
  journal = {{ACM} Transactions on Intelligent Systems and Technology}
}

@inproceedings{Li2010,
  doi = {10.1145/1772690.1772758},
  url = {https://doi.org/10.1145/1772690.1772758},
  year  = {2010},
  publisher = {{ACM} Press},
  author = {Lihong Li and Wei Chu and John Langford and Robert E. Schapire},
  title = {A contextual-bandit approach to personalized news article recommendation},
  booktitle = {Proceedings of the 19th international conference on World wide web - {WWW} {\textquotesingle}10}
}

@incollection{Chapelle2011,
title = {An Empirical Evaluation of Thompson Sampling},
author = {Olivier Chapelle and Li, Lihong},
booktitle = {Advances in Neural Information Processing Systems 24},
editor = {J. Shawe-Taylor and R. S. Zemel and P. L. Bartlett and F. Pereira and K. Q. Weinberger},
pages = {2249--2257},
year = {2011},
publisher = {Curran Associates, Inc.},
url = {http://papers.nips.cc/paper/4321-an-empirical-evaluation-of-thompson-sampling.pdf}
}
